@article{dokeroglu2023hyper,
  title={Hyper-heuristics: A survey and taxonomy},
  author={Dokeroglu, Tansel and Kucukyilmaz, Tayfun and Talbi, El-Ghazali},
  journal={Computers \& Industrial Engineering},
  pages={109815},
  year={2023},
  publisher={Elsevier}
}

@inproceedings{cowling2001hyperheuristic,
  title={A hyperheuristic approach to scheduling a sales summit},
  author={Cowling, Peter and Kendall, Graham and Soubeiga, Eric},
  booktitle={Practice and Theory of Automated Timetabling III: Third International Conference, PATAT 2000 Konstanz, Germany, August 16--18, 2000 Selected Papers 3},
  pages={176--190},
  year={2001},
  organization={Springer}
}

@article{burke2012monte,
  title={Monte carlo hyper-heuristics for examination timetabling},
  author={Burke, Edmund K and Kendall, Graham and M{\i}s{\i}r, Mustafa and {\"O}zcan, Ender},
  journal={Annals of Operations Research},
  volume={196},
  pages={73--90},
  year={2012},
  publisher={Springer}
}

@article{koulinas2014particle,
  title={A particle swarm optimization based hyper-heuristic algorithm for the classic resource constrained project scheduling problem},
  author={Koulinas, Georgios and Kotsikas, Lazaros and Anagnostopoulos, Konstantinos},
  journal={Information Sciences},
  volume={277},
  pages={680--693},
  year={2014},
  publisher={Elsevier}
}

@article{chen2021hyper,
  title={A hyper-heuristic based ensemble genetic programming approach for stochastic resource constrained project scheduling problem},
  author={Chen, HaoJie and Ding, Guofu and Qin, Shengfeng and Zhang, Jian},
  journal={Expert Systems with Applications},
  volume={167},
  pages={114174},
  year={2021},
  publisher={Elsevier}
}

@article{rostami2018new,
  title={New strategies for stochastic resource-constrained project scheduling},
  author={Rostami, Salim and Creemers, Stefan and Leus, Roel},
  journal={Journal of Scheduling},
  volume={21},
  pages={349--365},
  year={2018},
  publisher={Springer}
}

@article{fang2015estimation,
  title={An estimation of distribution algorithm and new computational results for the stochastic resource-constrained project scheduling problem},
  author={Fang, Chen and Kolisch, Rainer and Wang, Ling and Mu, Chundi},
  journal={Flexible Services and Manufacturing Journal},
  volume={27},
  pages={585--605},
  year={2015},
  publisher={Springer}
}

@incollection{ozcan2012reinforcement,
  title={A reinforcement learning: great-deluge hyper-heuristic for examination timetabling},
  author={{\"O}zcan, Ender and Misir, Mustafa and Ochoa, Gabriela and Burke, Edmund K},
  booktitle={Modeling, analysis, and applications in metaheuristic computing: advancements and trends},
  pages={34--55},
  year={2012},
  publisher={IGI Global}
}

@article{qin2021novel,
  title={A novel reinforcement learning-based hyper-heuristic for heterogeneous vehicle routing problem},
  author={Qin, Wei and Zhuang, Zilong and Huang, Zizhao and Huang, Haozhe},
  journal={Computers \& Industrial Engineering},
  volume={156},
  pages={107252},
  year={2021},
  publisher={Elsevier}
}

@article{li2021deep,
  title={Deep reinforcement learning for solving the heterogeneous capacitated vehicle routing problem},
  author={Li, Jingwen and Ma, Yining and Gao, Ruize and Cao, Zhiguang and Lim, Andrew and Song, Wen and Zhang, Jie},
  journal={IEEE Transactions on Cybernetics},
  volume={52},
  number={12},
  pages={13572--13585},
  year={2021},
  publisher={IEEE}
}

@article{lin2022semiconductor,
  title={Semiconductor final testing scheduling using Q-learning based hyper-heuristic},
  author={Lin, Jian and Li, Yang-Yuan and Song, Hong-Bo},
  journal={Expert Systems with Applications},
  volume={187},
  pages={115978},
  year={2022},
  publisher={Elsevier}
}

@article{li2023generality,
  title={A generality analysis of multiobjective hyper-heuristics},
  author={Li, Wenwen and {\"O}zcan, Ender and Drake, John H and Maashi, Mashael},
  journal={Information Sciences},
  volume={627},
  pages={34--51},
  year={2023},
  publisher={Elsevier}
}

@inproceedings{duflo2022framework,
  title={A Framework of Hyper-Heuristics based on Q-Learning},
  author={Duflo, Gabriel and Danoy, Gr{\'e}goire and Talbi, El-Ghazali and Bouvry, Pascal},
  booktitle={International Conference in Optimization and Learning (OLA2022)},
  year={2022}
}

@article{bao2023collaborative,
  title={A collaborative iterated greedy algorithm with reinforcement learning for energy-aware distributed blocking flow-shop scheduling},
  author={Bao, Haizhu and Pan, Quanke and Ruiz, Rub{\'e}n and Gao, Liang},
  journal={Swarm and Evolutionary Computation},
  volume={83},
  pages={101399},
  year={2023},
  publisher={Elsevier}
}

@article{gao2023ensemble,
  title={Ensemble meta-heuristics and Q-learning for solving unmanned surface vessels scheduling problems},
  author={Gao, Minglong and Gao, Kaizhou and Ma, Zhenfang and Tang, Weiyu},
  journal={Swarm and Evolutionary Computation},
  volume={82},
  pages={101358},
  year={2023},
  publisher={Elsevier}
}

@inproceedings{ochoa2012hyflex,
  title={Hyflex: A benchmark framework for cross-domain heuristic search},
  author={Ochoa, Gabriela and Hyde, Matthew and Curtois, Tim and Vazquez-Rodriguez, Jose A and Walker, James and Gendreau, Michel and Kendall, Graham and McCollum, Barry and Parkes, Andrew J and Petrovic, Sanja and others},
  booktitle={Evolutionary Computation in Combinatorial Optimization: 12th European Conference, EvoCOP 2012, M{\'a}laga, Spain, April 11-13, 2012. Proceedings 12},
  pages={136--147},
  year={2012},
  organization={Springer}
}

@article{sprecher1996psplib,
  title={PSPLIBâ€”a project scheduling problem library},
  author={Sprecher, A and Kolisch, R},
  journal={Eur. J. Oper. Res},
  volume={96},
  pages={205--216},
  year={1996}
}

@article{xu2008satzilla,
  title={SATzilla: portfolio-based algorithm selection for SAT},
  author={Xu, Lin and Hutter, Frank and Hoos, Holger H and Leyton-Brown, Kevin},
  journal={Journal of artificial intelligence research},
  volume={32},
  pages={565--606},
  year={2008}
}

@article{uchoa2017new,
  title={New benchmark instances for the capacitated vehicle routing problem},
  author={Uchoa, Eduardo and Pecin, Diego and Pessoa, Artur and Poggi, Marcus and Vidal, Thibaut and Subramanian, Anand},
  journal={European Journal of Operational Research},
  volume={257},
  number={3},
  pages={845--858},
  year={2017},
  publisher={Elsevier}
}

@inproceedings{hanselle2020hybrid,
  title={Hybrid ranking and regression for algorithm selection},
  author={Hanselle, Jonas and Tornede, Alexander and Wever, Marcel and H{\"u}llermeier, Eyke},
  booktitle={German Conference on Artificial Intelligence (K{\"u}nstliche Intelligenz)},
  pages={59--72},
  year={2020},
  organization={Springer}
}

@incollection{kadioglu2010isac,
  title={ISAC--instance-specific algorithm configuration},
  author={Kadioglu, Serdar and Malitsky, Yuri and Sellmann, Meinolf and Tierney, Kevin},
  booktitle={ECAI 2010},
  pages={751--756},
  year={2010},
  publisher={IOS Press}
}

@article{amadini2014sunny,
  title={SUNNY: a lazy portfolio approach for constraint solving},
  author={Amadini, Roberto and Gabbrielli, Maurizio and Mauro, Jacopo},
  journal={Theory and Practice of Logic Programming},
  volume={14},
  number={4-5},
  pages={509--524},
  year={2014},
  publisher={Cambridge University Press}
}

@inproceedings{tornede2020run2survive,
  title={Run2Survive: A decision-theoretic approach to algorithm selection based on survival analysis},
  author={Tornede, Alexander and Wever, Marcel and Werner, Stefan and Mohr, Felix and H{\"u}llermeier, Eyke},
  booktitle={Asian Conference on Machine Learning},
  pages={737--752},
  year={2020},
  organization={PMLR}
}

@inproceedings{misir2022cross,
  title={Cross-domain algorithm selection: Algorithm selection across selection hyper-heuristics},
  author={Misir, Mustafa},
  booktitle={2022 IEEE Symposium Series on Computational Intelligence (SSCI)},
  pages={22--29},
  year={2022},
  organization={IEEE}
}
@INBOOK{misir2021hyper-heuristics,
  chapter = {Hyper-heuristics: Autonomous Problem Solvers},
  title = {Automated Design of Machine Learning and Search Algorithms},
  publisher = {Springer},
  year = {2021},
  pages={109--131},
  editor = {N. Pillay and R. Qu},
  author = {M. M{\i}s{\i}r}
}


@inproceedings{misir2012intelligent,
  title={An intelligent hyper-heuristic framework for chesc 2011},
  author={M{\i}s{\i}r, Mustafa and Verbeeck, Katja and De Causmaecker, Patrick and Vanden Berghe, Greet},
  booktitle={International Conference on Learning and Intelligent Optimization},
  pages={461--466},
  year={2012},
  organization={Springer}
}

@inproceedings{misir2015oscar,
  title={OSCAR: Online selection of algorithm portfolios with case study on memetic algorithms},
  author={M{\i}s{\i}r, Mustafa and Handoko, Stephanus Daniel and Lau, Hoong Chuin},
  booktitle={Learning and Intelligent Optimization: 9th International Conference, LION 9, Lille, France, January 12-15, 2015. Revised Selected Papers 9},
  pages={59--73},
  year={2015},
  organization={Springer}
}

@article{reinelt1995tsplib95,
  title={Tsplib95},
  author={Reinelt, Gerhard},
  journal={Interdisziplin{\"a}res Zentrum f{\"u}r Wissenschaftliches Rechnen (IWR), Heidelberg},
  volume={338},
  pages={1--16},
  year={1995}
}

@article{solomon1987algorithms,
  title={Algorithms for the vehicle routing and scheduling problems with time window constraints},
  author={Solomon, Marius M},
  journal={Operations research},
  volume={35},
  number={2},
  pages={254--265},
  year={1987},
  publisher={Informs}
}

@article{homberger1999two,
  title={Two evolutionary metaheuristics for the vehicle routing problem with time windows},
  author={Homberger, J{\"o}rg and Gehring, Hermann},
  journal={INFOR: Information Systems and Operational Research},
  volume={37},
  number={3},
  pages={297--318},
  year={1999},
  publisher={Taylor \& Francis}
}

@article{nawaz1983heuristic,
  title={A heuristic algorithm for the m-machine, n-job flow-shop sequencing problem},
  author={Nawaz, Muhammad and Enscore Jr, E Emory and Ham, Inyong},
  journal={Omega},
  volume={11},
  number={1},
  pages={91--95},
  year={1983},
  publisher={Elsevier}
}

@misc{schedulingbenchmarks,
  title = {Scheduling Benchmarks},
  howpublished = {\url{http://www.schedulingbenchmarks.org/}},
  note = {Accessed on January 19, 2024},
}

@article{delorme2018bpplib,
  title={BPPLIB: a library for bin packing and cutting stock problems},
  author={Delorme, Maxence and Iori, Manuel and Martello, Silvano},
  journal={Optimization Letters},
  volume={12},
  pages={235--250},
  year={2018},
  publisher={Springer}
}

@article{hoos2000satlib,
  title={SATLIB: An online resource for research on SAT},
  author={Hoos, Holger H and St{\"u}tzle, Thomas},
  journal={Sat},
  volume={2000},
  pages={283--292},
  year={2000}
}